<?xml version="1.0" encoding="UTF-8"?>


  <zs:searchRetrieveResponse xmlns:zs="http://www.loc.gov/zing/srw/" xmlns:mytestprefix="http://www.loc.gov/MARC21/slim" >
    <zs:version>1.1</zs:version>
    <zs:numberOfRecords>79446</zs:numberOfRecords>
    <zs:records>
        <zs:record>
          <zs:recordPacking>xml</zs:recordPacking>
          <zs:recordData>
              	<mytestprefix:record>
		<mytestprefix:leader>00000ndd a2200000 u 4500</mytestprefix:leader>
		<mytestprefix:controlfield tag="001">004641415</mytestprefix:controlfield>
		<mytestprefix:controlfield tag="003">DE-633</mytestprefix:controlfield>
		<mytestprefix:controlfield tag="005">20161205081635.0</mytestprefix:controlfield>
		<mytestprefix:datafield tag="031" ind1=" " ind2=" ">
			<mytestprefix:subfield code="a">1</mytestprefix:subfield>
			<mytestprefix:subfield code="b">1</mytestprefix:subfield>
			<mytestprefix:subfield code="c">1</mytestprefix:subfield>
			<mytestprefix:subfield code="d">[without title].</mytestprefix:subfield>
			<mytestprefix:subfield code="g">F-4</mytestprefix:subfield>
			<mytestprefix:subfield code="m">V</mytestprefix:subfield>
			<mytestprefix:subfield code="n">bBEA</mytestprefix:subfield>
			<mytestprefix:subfield code="o">3/4</mytestprefix:subfield>
			<mytestprefix:subfield code="p">,8GAG/4.G8DEC/4D8-</mytestprefix:subfield>
			<mytestprefix:subfield code="r">E|b</mytestprefix:subfield>
			<mytestprefix:subfield code="t">Wer nie sein Brot mit Tränen aß</mytestprefix:subfield>
			<mytestprefix:subfield code="u">20042863</mytestprefix:subfield>
			<mytestprefix:subfield code="2">pe</mytestprefix:subfield>
		</mytestprefix:datafield>
		<mytestprefix:datafield tag="040" ind1=" " ind2=" ">
			<mytestprefix:subfield code="a">DE-633</mytestprefix:subfield>
		</mytestprefix:datafield>
		<mytestprefix:datafield tag="041" ind1=" " ind2=" ">
			<mytestprefix:subfield code="a">ger</mytestprefix:subfield>
		</mytestprefix:datafield>
		<mytestprefix:datafield tag="100" ind1="1" ind2=" ">
			<mytestprefix:subfield code="a">Zelter, Carl Friedrich</mytestprefix:subfield>
			<mytestprefix:subfield code="d">1758-1832</mytestprefix:subfield>
			<mytestprefix:subfield code="0">98629</mytestprefix:subfield>
		</mytestprefix:datafield>
		<mytestprefix:datafield tag="240" ind1="1" ind2="0">
			<mytestprefix:subfield code="a">Wer nie sein Brot mit Tränen aß</mytestprefix:subfield>
			<mytestprefix:subfield code="m">V</mytestprefix:subfield>
			<mytestprefix:subfield code="r">E|b</mytestprefix:subfield>
			<mytestprefix:subfield code="0">3917680</mytestprefix:subfield>
		</mytestprefix:datafield>
		<mytestprefix:datafield tag="245" ind1="1" ind2="0">
			<mytestprefix:subfield code="a">[without title]</mytestprefix:subfield>
		</mytestprefix:datafield>
		<mytestprefix:datafield tag="300" ind1=" " ind2=" ">
			<mytestprefix:subfield code="a">score: 1p. [p. 3]</mytestprefix:subfield>
			<mytestprefix:subfield code="c">34 x 21 cm</mytestprefix:subfield>
			<mytestprefix:subfield code="8">01</mytestprefix:subfield>
		</mytestprefix:datafield>
		<mytestprefix:datafield tag="500" ind1=" " ind2=" ">
			<mytestprefix:subfield code="a">Einsystemige Skizze von Zelters Hand mit Blei auf den Text &quot;Wer nie sein Brot mit Tränen aß&quot;.</mytestprefix:subfield>
		</mytestprefix:datafield>
		<mytestprefix:datafield tag="592" ind1=" " ind2=" ">
			<mytestprefix:subfield code="a">[letters in circle, countermark letters (not to identify)]</mytestprefix:subfield>
			<mytestprefix:subfield code="8">01</mytestprefix:subfield>
		</mytestprefix:datafield>
		<mytestprefix:datafield tag="593" ind1=" " ind2=" ">
			<mytestprefix:subfield code="a">Autograph manuscript</mytestprefix:subfield>
			<mytestprefix:subfield code="8">01</mytestprefix:subfield>
		</mytestprefix:datafield>
		<mytestprefix:datafield tag="594" ind1=" " ind2=" ">
			<mytestprefix:subfield code="b">B</mytestprefix:subfield>
			<mytestprefix:subfield code="c">1</mytestprefix:subfield>
		</mytestprefix:datafield>
		<mytestprefix:datafield tag="594" ind1=" " ind2=" ">
			<mytestprefix:subfield code="a">B</mytestprefix:subfield>
		</mytestprefix:datafield>
		<mytestprefix:datafield tag="650" ind1="0" ind2="0">
			<mytestprefix:subfield code="a">Lieder</mytestprefix:subfield>
			<mytestprefix:subfield code="0">25227</mytestprefix:subfield>
		</mytestprefix:datafield>
		<mytestprefix:datafield tag="700" ind1="1" ind2=" ">
			<mytestprefix:subfield code="a">Goethe, Johann Wolfgang von</mytestprefix:subfield>
			<mytestprefix:subfield code="d">1749-1832</mytestprefix:subfield>
			<mytestprefix:subfield code="j">Ascertained</mytestprefix:subfield>
			<mytestprefix:subfield code="0">173930</mytestprefix:subfield>
			<mytestprefix:subfield code="4">lyr</mytestprefix:subfield>
		</mytestprefix:datafield>
		<mytestprefix:datafield tag="773" ind1="0" ind2=" ">
			<mytestprefix:subfield code="w">464141752</mytestprefix:subfield>
		</mytestprefix:datafield>
		<mytestprefix:datafield tag="852" ind1=" " ind2=" ">
			<mytestprefix:subfield code="a">D-B</mytestprefix:subfield>
			<mytestprefix:subfield code="c">Mus.ms.autogr. Zelter, K. F. 17 (3)</mytestprefix:subfield>
			<mytestprefix:subfield code="e">Staatsbibliothek zu Berlin - Preußischer Kulturbesitz, Musikabteilung</mytestprefix:subfield>
			<mytestprefix:subfield code="x">30000655</mytestprefix:subfield>
		</mytestprefix:datafield>
	</mytestprefix:record>

          </zs:recordData>
          <zs:recordPosition>1</zs:recordPosition>
        </zs:record>