
        <zs:record>
          <zs:recordPacking>xml</zs:recordPacking>
          <zs:recordData>
              	<mytestprefix:record>
		<mytestprefix:leader>00000ndd a2200000 u 4500</mytestprefix:leader>
		<mytestprefix:controlfield tag="001">004641416</mytestprefix:controlfield>
		<mytestprefix:controlfield tag="003">DE-633</mytestprefix:controlfield>
		<mytestprefix:controlfield tag="005">20161205081635.0</mytestprefix:controlfield>
		<mytestprefix:datafield tag="031" ind1=" " ind2=" ">
			<mytestprefix:subfield code="a">1</mytestprefix:subfield>
			<mytestprefix:subfield code="b">1</mytestprefix:subfield>
			<mytestprefix:subfield code="c">1</mytestprefix:subfield>
			<mytestprefix:subfield code="d">Andantino.</mytestprefix:subfield>
			<mytestprefix:subfield code="g">G-2</mytestprefix:subfield>
			<mytestprefix:subfield code="m">V</mytestprefix:subfield>
			<mytestprefix:subfield code="n">bBEA</mytestprefix:subfield>
			<mytestprefix:subfield code="o">2/4</mytestprefix:subfield>
			<mytestprefix:subfield code="p">&#39;{6CE}/8GGG&#39;&#39;C/&#39;GGG&#39;&#39;C/&#39;nBG&#39;&#39;C&#39;C/</mytestprefix:subfield>
			<mytestprefix:subfield code="r">c</mytestprefix:subfield>
			<mytestprefix:subfield code="t">Es war ein Kind das wollte nie</mytestprefix:subfield>
			<mytestprefix:subfield code="u">20042865</mytestprefix:subfield>
			<mytestprefix:subfield code="2">pe</mytestprefix:subfield>
		</mytestprefix:datafield>
		<mytestprefix:datafield tag="040" ind1=" " ind2=" ">
			<mytestprefix:subfield code="a">DE-633</mytestprefix:subfield>
		</mytestprefix:datafield>
		<mytestprefix:datafield tag="041" ind1=" " ind2=" ">
			<mytestprefix:subfield code="a">ger</mytestprefix:subfield>
		</mytestprefix:datafield>
		<mytestprefix:datafield tag="100" ind1="1" ind2=" ">
			<mytestprefix:subfield code="a">Zelter, Carl Friedrich</mytestprefix:subfield>
			<mytestprefix:subfield code="d">1758-1832</mytestprefix:subfield>
			<mytestprefix:subfield code="0">98629</mytestprefix:subfield>
		</mytestprefix:datafield>
		<mytestprefix:datafield tag="240" ind1="1" ind2="0">
			<mytestprefix:subfield code="a">Die wackelnde Glocke</mytestprefix:subfield>
			<mytestprefix:subfield code="m">V, pf</mytestprefix:subfield>
			<mytestprefix:subfield code="r">c</mytestprefix:subfield>
			<mytestprefix:subfield code="0">3917682</mytestprefix:subfield>
		</mytestprefix:datafield>
		<mytestprefix:datafield tag="245" ind1="1" ind2="0">
			<mytestprefix:subfield code="a">[caption title, p. 4:] Die wackelnde Glocke [right:] B. 5. Januar 1814.</mytestprefix:subfield>
		</mytestprefix:datafield>
		<mytestprefix:datafield tag="260" ind1=" " ind2=" ">
			<mytestprefix:subfield code="c">1814</mytestprefix:subfield>
			<mytestprefix:subfield code="8">01</mytestprefix:subfield>
		</mytestprefix:datafield>
		<mytestprefix:datafield tag="300" ind1=" " ind2=" ">
			<mytestprefix:subfield code="a">score: 1p. [p. 4]</mytestprefix:subfield>
			<mytestprefix:subfield code="c">34 x 21 cm</mytestprefix:subfield>
			<mytestprefix:subfield code="8">01</mytestprefix:subfield>
		</mytestprefix:datafield>
		<mytestprefix:datafield tag="592" ind1=" " ind2=" ">
			<mytestprefix:subfield code="a">[letters in circle, countermark letters (not to identify)]</mytestprefix:subfield>
			<mytestprefix:subfield code="8">01</mytestprefix:subfield>
		</mytestprefix:datafield>
		<mytestprefix:datafield tag="593" ind1=" " ind2=" ">
			<mytestprefix:subfield code="a">Autograph manuscript</mytestprefix:subfield>
			<mytestprefix:subfield code="8">01</mytestprefix:subfield>
		</mytestprefix:datafield>
		<mytestprefix:datafield tag="594" ind1=" " ind2=" ">
			<mytestprefix:subfield code="b">V</mytestprefix:subfield>
			<mytestprefix:subfield code="c">1</mytestprefix:subfield>
		</mytestprefix:datafield>
		<mytestprefix:datafield tag="594" ind1=" " ind2=" ">
			<mytestprefix:subfield code="b">pf</mytestprefix:subfield>
			<mytestprefix:subfield code="c">1</mytestprefix:subfield>
		</mytestprefix:datafield>
		<mytestprefix:datafield tag="594" ind1=" " ind2=" ">
			<mytestprefix:subfield code="a">V, pf</mytestprefix:subfield>
		</mytestprefix:datafield>
		<mytestprefix:datafield tag="650" ind1="0" ind2="0">
			<mytestprefix:subfield code="a">Lieder</mytestprefix:subfield>
			<mytestprefix:subfield code="0">25227</mytestprefix:subfield>
		</mytestprefix:datafield>
		<mytestprefix:datafield tag="700" ind1="1" ind2=" ">
			<mytestprefix:subfield code="a">Goethe, Johann Wolfgang von</mytestprefix:subfield>
			<mytestprefix:subfield code="d">1749-1832</mytestprefix:subfield>
			<mytestprefix:subfield code="j">Ascertained</mytestprefix:subfield>
			<mytestprefix:subfield code="0">173930</mytestprefix:subfield>
			<mytestprefix:subfield code="4">lyr</mytestprefix:subfield>
		</mytestprefix:datafield>
		<mytestprefix:datafield tag="730" ind1="0" ind2=" ">
			<mytestprefix:subfield code="a">Es war ein Kind das wollte nie</mytestprefix:subfield>
			<mytestprefix:subfield code="g">RISM</mytestprefix:subfield>
			<mytestprefix:subfield code="0">3917681</mytestprefix:subfield>
		</mytestprefix:datafield>
		<mytestprefix:datafield tag="773" ind1="0" ind2=" ">
			<mytestprefix:subfield code="w">464141752</mytestprefix:subfield>
		</mytestprefix:datafield>
		<mytestprefix:datafield tag="852" ind1=" " ind2=" ">
			<mytestprefix:subfield code="a">D-B</mytestprefix:subfield>
			<mytestprefix:subfield code="c">Mus.ms.autogr. Zelter, K. F. 17 (4)</mytestprefix:subfield>
			<mytestprefix:subfield code="e">Staatsbibliothek zu Berlin - Preußischer Kulturbesitz, Musikabteilung</mytestprefix:subfield>
			<mytestprefix:subfield code="x">30000655</mytestprefix:subfield>
		</mytestprefix:datafield>
	</mytestprefix:record>

          </zs:recordData>
          <zs:recordPosition>2</zs:recordPosition>
        </zs:record>