
        <zs:record>
          <zs:recordPacking>xml</zs:recordPacking>
          <zs:recordData>
              	<mytestprefix:record>
		<mytestprefix:leader>00000ndd a2200000 u 4500</mytestprefix:leader>
		<mytestprefix:controlfield tag="001">004641418</mytestprefix:controlfield>
		<mytestprefix:controlfield tag="003">DE-633</mytestprefix:controlfield>
		<mytestprefix:controlfield tag="005">20161205081636.0</mytestprefix:controlfield>
		<mytestprefix:datafield tag="031" ind1=" " ind2=" ">
			<mytestprefix:subfield code="a">1</mytestprefix:subfield>
			<mytestprefix:subfield code="b">1</mytestprefix:subfield>
			<mytestprefix:subfield code="c">1</mytestprefix:subfield>
			<mytestprefix:subfield code="d">Munter und würdig.</mytestprefix:subfield>
			<mytestprefix:subfield code="g">C-4</mytestprefix:subfield>
			<mytestprefix:subfield code="m">Coro T</mytestprefix:subfield>
			<mytestprefix:subfield code="o">3/4</mytestprefix:subfield>
			<mytestprefix:subfield code="p">, 4E/GEE/GEG/4.F8G4F/ 4E4-</mytestprefix:subfield>
			<mytestprefix:subfield code="r">C</mytestprefix:subfield>
			<mytestprefix:subfield code="t">Ihr mystischen Zahlen Drei, Sieben und Neun</mytestprefix:subfield>
			<mytestprefix:subfield code="u">20042877</mytestprefix:subfield>
			<mytestprefix:subfield code="2">pe</mytestprefix:subfield>
		</mytestprefix:datafield>
		<mytestprefix:datafield tag="040" ind1=" " ind2=" ">
			<mytestprefix:subfield code="a">DE-633</mytestprefix:subfield>
		</mytestprefix:datafield>
		<mytestprefix:datafield tag="041" ind1=" " ind2=" ">
			<mytestprefix:subfield code="a">ger</mytestprefix:subfield>
		</mytestprefix:datafield>
		<mytestprefix:datafield tag="100" ind1="1" ind2=" ">
			<mytestprefix:subfield code="a">Zelter, Carl Friedrich</mytestprefix:subfield>
			<mytestprefix:subfield code="d">1758-1832</mytestprefix:subfield>
			<mytestprefix:subfield code="0">98629</mytestprefix:subfield>
		</mytestprefix:datafield>
		<mytestprefix:datafield tag="240" ind1="1" ind2="0">
			<mytestprefix:subfield code="a">Patriotisches Rheinweinlied der Elfer</mytestprefix:subfield>
			<mytestprefix:subfield code="m">coro maschile</mytestprefix:subfield>
			<mytestprefix:subfield code="r">C</mytestprefix:subfield>
			<mytestprefix:subfield code="0">3917679</mytestprefix:subfield>
		</mytestprefix:datafield>
		<mytestprefix:datafield tag="245" ind1="1" ind2="0">
			<mytestprefix:subfield code="a">[caption title, p. 6:] [with pencil: &quot;No 10.&quot;] Rheinweinlied</mytestprefix:subfield>
		</mytestprefix:datafield>
		<mytestprefix:datafield tag="260" ind1=" " ind2=" ">
			<mytestprefix:subfield code="c">1815 (&quot;Berlin d 2 November | 1815&quot;)</mytestprefix:subfield>
			<mytestprefix:subfield code="8">01</mytestprefix:subfield>
		</mytestprefix:datafield>
		<mytestprefix:datafield tag="300" ind1=" " ind2=" ">
			<mytestprefix:subfield code="a">score: 2p. [p. 6-7]</mytestprefix:subfield>
			<mytestprefix:subfield code="c">37 x 22 cm</mytestprefix:subfield>
			<mytestprefix:subfield code="8">01</mytestprefix:subfield>
		</mytestprefix:datafield>
		<mytestprefix:datafield tag="500" ind1=" " ind2=" ">
			<mytestprefix:subfield code="a">p. 7 Strophen 2-7 von der Hand Zelters, darunter die Datierung.</mytestprefix:subfield>
		</mytestprefix:datafield>
		<mytestprefix:datafield tag="592" ind1=" " ind2=" ">
			<mytestprefix:subfield code="a">[not to identify]</mytestprefix:subfield>
			<mytestprefix:subfield code="8">01</mytestprefix:subfield>
		</mytestprefix:datafield>
		<mytestprefix:datafield tag="593" ind1=" " ind2=" ">
			<mytestprefix:subfield code="a">Autograph manuscript</mytestprefix:subfield>
			<mytestprefix:subfield code="8">01</mytestprefix:subfield>
		</mytestprefix:datafield>
		<mytestprefix:datafield tag="594" ind1=" " ind2=" ">
			<mytestprefix:subfield code="b">Coro T</mytestprefix:subfield>
			<mytestprefix:subfield code="c">2</mytestprefix:subfield>
		</mytestprefix:datafield>
		<mytestprefix:datafield tag="594" ind1=" " ind2=" ">
			<mytestprefix:subfield code="b">Coro B</mytestprefix:subfield>
			<mytestprefix:subfield code="c">2</mytestprefix:subfield>
		</mytestprefix:datafield>
		<mytestprefix:datafield tag="594" ind1=" " ind2=" ">
			<mytestprefix:subfield code="a">Coro T (2), Coro B (2)</mytestprefix:subfield>
		</mytestprefix:datafield>
		<mytestprefix:datafield tag="650" ind1="0" ind2="0">
			<mytestprefix:subfield code="a">Partsongs</mytestprefix:subfield>
			<mytestprefix:subfield code="0">25460</mytestprefix:subfield>
		</mytestprefix:datafield>
		<mytestprefix:datafield tag="700" ind1="1" ind2=" ">
			<mytestprefix:subfield code="a">Tismar, G.</mytestprefix:subfield>
			<mytestprefix:subfield code="0">20002373</mytestprefix:subfield>
			<mytestprefix:subfield code="4">lyr</mytestprefix:subfield>
		</mytestprefix:datafield>
		<mytestprefix:datafield tag="730" ind1="0" ind2=" ">
			<mytestprefix:subfield code="a">Ihr mystischen Zahlen Drei, Sieben und Neun</mytestprefix:subfield>
			<mytestprefix:subfield code="g">RISM</mytestprefix:subfield>
			<mytestprefix:subfield code="0">3917678</mytestprefix:subfield>
		</mytestprefix:datafield>
		<mytestprefix:datafield tag="773" ind1="0" ind2=" ">
			<mytestprefix:subfield code="w">464141752</mytestprefix:subfield>
		</mytestprefix:datafield>
		<mytestprefix:datafield tag="852" ind1=" " ind2=" ">
			<mytestprefix:subfield code="a">D-B</mytestprefix:subfield>
			<mytestprefix:subfield code="c">Mus.ms.autogr. Zelter, K. F. 17 (6)</mytestprefix:subfield>
			<mytestprefix:subfield code="e">Staatsbibliothek zu Berlin - Preußischer Kulturbesitz, Musikabteilung</mytestprefix:subfield>
			<mytestprefix:subfield code="x">30000655</mytestprefix:subfield>
		</mytestprefix:datafield>
	</mytestprefix:record>

          </zs:recordData>
          <zs:recordPosition>4</zs:recordPosition>
        </zs:record>